@misc{matlabapi,
	author = "mathworks.com",
	title="MATLab API",
	url={www.se.mathworks.com/help},
	note = {Besøkt 2016-04-15}
}

@Book{fagbok,
	author ="Timothy Sauer",
	title="Numerical Analysis, 2nd edition",
	publisher = "Pearson",
	year = "2015"
}

@misc{eulerweb,
	author = "N/A",
	title = "Euler Bernoulli Beam Theory"
	url = "https://en.wikipedia.org/wiki/Euler-Bernoulli_beam_theory",
	note = {Besøkt 2016-04-14}
}

@misc{matlabwiki,
	author = "N/A",
	title = "MATLab wikipedia article"
	url = "https://en.wikipedia.org/wiki/MATLAB",
	note = {Besøkt 2016-04-14}
}